@String{ esop = "European Symposium on Programming" }
@String{ esop = "ESOP" }
@String{ icfp = "{ACM} International Conference on Functional Programming" }
@String{ icfp = "{ICFP}" }
@String{ popl = "{ACM} Symposium on Principles of Programming Languages" }
@String{ popl = "{POPL}" }
@String{ pldi = "{ACM} Conference on Programming Language Design and Implementation" }
@String{ pldi = "{PLDI}" }
@String{ jacm = "Journal of the {ACM}" }

@String{ jacm = "{JACM}" }

@String{ jfp = "Journal of Functional Programming" }

@String{ jfp = "{JFP}" }

@String{ toplas = "{ACM} Transactions on Programming Languages and Systems" }

@String{ toplas = "{TOPLAS}" }

@String{ padl = "International Workshop on Practical Aspects of Declarative Languages" }

@String{ padl = "{PADL}" }

@String{ haskellworkshop = "{ACM SIGPLAN} {H}askell Workshop" }

@String{ haskellworkshop = "{H}askell Workshop" }

@String{ oopsla = "{ACM} Conference on Object-oriented Programming, Systems, Languages, and Applications" }

@String{ oopsla = "{OOPSLA}" }

@String{ netb = "{USENIX} international workshop on Networking meets databases" }

@String{ netb = "{NETB}" }

@String{ sigcomm = "Applications, technologies, architectures, and protocols for computer communications" }

@String{ sigcomm = "{SIGCOMM}" }

@String{ sigops = "{SIGOPS} Operating Systems Review" }

@String{ sigops = "{SIGOPS}" }

@String{ sigmod = "{ACM SIGMOD} international conference on management of data" }

@String{ sigmod = "{SIGMOD}" }

@String{ tnet = "IEEE/ACM Transactions on Networking" }

@String{ tnet = "Trans. on Networking." }

@String{ sosp = "{SOSP}" }

@String{ osdi = "{OSDI}" }

@String{ nsdi = "{NSDI}" }

@String{ hotnets = "{HotNets}" }

@String{ wren = "{Workshop on Research on Enterprise Networking}" }

@String{ wren = "{WREN}" }

@String{ sigcommccr = "{SIGCOMM Computer Communications Review}" }

@String{ sigcommccr = "{SIGCOMM CCR}" }

@String{ syclick = "Symposium on Click Modular Router" }

@String{ syclick = "{SyClick}" }

@String{ jan = "Jan" }

@String{ feb = "Feb" }

@String{ mar = "Mar" }

@String{ apr = "Apr" }

@String{ may = "May" }

@String{ jun = "Jun" }

@String{ jul = "Jul" }

@String{ aug = "Aug" }

@String{ sep = "Sep" }

@String{ oct = "Oct" }

@String{ nov = "Nov" }

@String{ dec = "Dec" }

@article{frenetic,
	Author = {Nate Foster and Michael J. Freedman and Arjun Guha and Rob Harrison and Naga Praveen Katta and Christopher Monsanto and Joshua Reich and Mark Reitblatt and Jennifer Rexford and  Cole Schlesinger and Alec Story and David Walker},
	Date-Added = {2013-03-25 18:59:47 +0000},
	Date-Modified = {2013-03-25 19:00:30 +0000},
	Journal = {IEEE Communications},
	Number = {2},
	Pages = {128--134},
	Publisher = {IEEE},
	Title = {Languages for software-defined networks},
	Volume = {51},
	month = FEB,
	Year = {2013}
}

@article{DBLP:journals/corr/SmolkaEFG15,
  author    = {Steffen Smolka and
               Spiridon Aristides Eliopoulos and
               Nate Foster and
               Arjun Guha},
  title     = {A Fast Compiler for NetKAT},
  journal   = {CoRR},
  volume    = {abs/1506.06378},
  year      = {2015},
  url       = {http://arxiv.org/abs/1506.06378},
  timestamp = {Wed, 01 Jul 2015 15:10:24 +0200},
  biburl    = {http://dblp.uni-trier.de/rec/bib/journals/corr/SmolkaEFG15},
  bibsource = {dblp computer science bibliography, http://dblp.org}
}

@article{Foster:2015:CDP:2775051.2677011,
 author = {Foster, Nate and Kozen, Dexter and Milano, Matthew and Silva, Alexandra and Thompson, Laure},
 title = {A Coalgebraic Decision Procedure for NetKAT},
 journal = {SIGPLAN Not.},
 issue_date = {January 2015},
 volume = {50},
 number = {1},
 month = jan,
 year = {2015},
 issn = {0362-1340},
 pages = {343--355},
 numpages = {13},
 url = {http://doi.acm.org/10.1145/2775051.2677011},
 doi = {10.1145/2775051.2677011},
 acmid = {2677011},
 publisher = {ACM},
 address = {New York, NY, USA},
 keywords = {automata, brzozowski derivatives, coalgebra, kleene algebra with tests, netkat, network verification},
} 

@STRING{pp	        = {{The Pragmatic Programmers, LLC}}}
@STRING{pp:adr	    = {Raleigh, NC, and Dallas, TX}}

@Book{        hogan:tmux,
  author    = {Brian P. Hogan},
  title     = {tmux: Productive Mouse-Free Development},
  year      = 2012,
  publisher = pp,
  address   = pp:adr,
  isbn      = {978-1-93435-696-8},
  url       = {http://www.pragprog.com/titles/bhtmux/tmux}
}
